@article{b1,
author = {LEVINE, EDWARD L.},
doi = {10.1111/j.1744-6570.1980.tb02347.x},
issn = {0031-5826},
journal = {Personnel Psychology},
month = {jun},
number = {2},
pages = {259--262},
title = {{Introductory Remarks for the Symposium "Organizational Application of self-appraisal and self-assessment: Another look"}},
url = {http://doi.wiley.com/10.1111/j.1744-6570.1980.tb02347.x},
volume = {33},
year = {1980}
}

@inproceedings{b2,
	author={Omar Badreddin, Rahad Khandoker, Andrew Forward, Omar Masmali and Timothy Lethbridge},
	doi = {10.1145/3239372.3239389},
	title = {{A Decade of Software Design and Modeling: A Survey to Uncover Trends of the Practice}},
	journal={In proceedings of ACM/IEEE 21st International Conference on Model Driven Engineering Languages and Systems (MODELS)}
	year = {2018}
}

@misc{b3,
	abstract = {ISO/IEC 25000:2005 provides guidance for the use of the new series of International Standards named Software product Quality Requirements and Evaluation (SQuaRE). The purpose of this guide is to provide a general overview of SQuaRE contents, common reference models and definitions, as well as the relationship among the documents, allowing users of this guide a good understanding of those series of International Standards, according to their purpose of use. This document contains an explanation of the transition process between the old ISO/IEC 9126 and the 14598 series and SQuaRE, and also presents information on how to use the ISO/IEC 9126 and 14598 series in their previous form. SQuaRE provides: Terms and definitions, Reference models, General guide, Individual division guides, and Standards for requirements specification, planning and management, measurement and evaluation purposes.},
	author = {{ISO/IEC 25000}},
	booktitle = {English},
	title = {{ISO/IEC 25000:2005 Software Engineering - Software product Quality Requirements and Evaluation (SQuaRE) - Guide to SQuaRE}},
	year = {2005}
}
